<record><leader>00000cas a2200000 a 4500</leader><controlfield tag="001">38873736</controlfield><controlfield tag="008">980331c19959999caudr ne      0    0eng c</controlfield><datafield ind1=" " ind2=" " tag="010"><subfield code="a">sn 98061025 </subfield></datafield><datafield ind1=" " ind2=" " tag="040"><subfield code="a">CNK</subfield><subfield code="b">eng</subfield><subfield code="c">CNK</subfield><subfield code="d">OCLCQ</subfield><subfield code="d">CNK</subfield><subfield code="d">OCLCQ</subfield><subfield code="d">OCLCF</subfield><subfield code="d">OCLCO</subfield></datafield><datafield ind1="1" ind2=" " tag="029"><subfield code="a">AU@</subfield><subfield code="b">000013903939</subfield></datafield><datafield ind1=" " ind2=" " tag="042"><subfield code="a">pcc</subfield></datafield><datafield ind1=" " ind2=" " tag="043"><subfield code="a">n-us-ca</subfield></datafield><datafield ind1="0" ind2=" " tag="130"><subfield code="a">Tahoe daily tribune and the Lake Tahoe news (South Lake Tahoe, Calif. : 1995)</subfield></datafield><datafield ind1="1" ind2="0" tag="245"><subfield code="a">Tahoe daily tribune and the Lake Tahoe news.</subfield></datafield><datafield ind1=" " ind2=" " tag="260"><subfield code="a">South Lake Tahoe, Calif. :</subfield><subfield code="b">Tahoe Daily Tribune</subfield></datafield><datafield ind1=" " ind2=" " tag="300"><subfield code="a">v.</subfield></datafield><datafield ind1=" " ind2=" " tag="310"><subfield code="a">Daily</subfield></datafield><datafield ind1="0" ind2=" " tag="362"><subfield code="a">Vol. 38, no. 234 (Oct. 25, 1995)-</subfield></datafield><datafield ind1=" " ind2=" " tag="530"><subfield code="a">Also issued on the internet, called: Tahoe Daily Tribune.</subfield></datafield><datafield ind1=" " ind2="0" tag="651"><subfield code="a">South Lake Tahoe (Calif.)</subfield><subfield code="v">Newspapers.</subfield></datafield><datafield ind1=" " ind2="7" tag="655"><subfield code="a">Newspapers.</subfield><subfield code="2">fast</subfield><subfield code="0">(OCoLC)fst01423814</subfield></datafield><datafield ind1=" " ind2="7" tag="651"><subfield code="a">California</subfield><subfield code="z">South Lake Tahoe.</subfield><subfield code="2">fast</subfield><subfield code="0">(OCoLC)fst01221028</subfield></datafield><datafield ind1="0" ind2=" " tag="740"><subfield code="a">Tahoe daily tribune.</subfield></datafield><datafield ind1=" " ind2=" " tag="752"><subfield code="a">United States</subfield><subfield code="b">California</subfield><subfield code="c">El Dorado</subfield><subfield code="d">South Lake Tahoe.</subfield></datafield><datafield ind1="0" ind2="0" tag="780"><subfield code="t">Tahoe daily tribune (South Lake Tahoe, Calif. : 1994)</subfield><subfield code="w">(DLC)sn 95061856</subfield></datafield><datafield ind1="4" ind2=" " tag="856"><subfield code="z">Online version:</subfield><subfield code="u">http://www.tahoe.com/tribune/index.html</subfield></datafield></record>